@article{wildfirehealth,
author = {Lei, Ying and Lei, Tze-Huan and Lu, Chan and Zhang, Xue and Wang, Faming},
title = {Wildfire Smoke: Health Effects, Mechanisms, and Mitigation},
journal = {Environmental Science \& Technology},
volume = {58},
number = {48},
pages = {21097-21119},
year = {2024},
doi = {10.1021/acs.est.4c06653},
    note ={PMID: 39516728},
URL = { 
        https://doi.org/10.1021/acs.est.4c06653
},
eprint = { 
        https://doi.org/10.1021/acs.est.4c06653
}
}
