@InProceedings{10.1007/978-3-031-37742-6_13,
author="Nunes, Ant{\'o}nio Peres
and Moutinho, Alexandra
and Azinheira, Jos{\'e} Raul",
editor="Rousseau, Jean-Jacques
and Kapralos, Bill",
title="Flying Wing Wildfire Tracking Using Visual Servoing andÂ Gimbal Control",
booktitle="Pattern Recognition, Computer Vision, and Image Processing. ICPR 2022 International Workshops and Challenges",
year="2023",
publisher="Springer Nature Switzerland",
address="Cham",
pages="160--170",
abstract="This paper describes a vision control algorithm for flying wing wildfire tracking. The aircraft, equipped with a camera attached to a gimbal, is dropped at a given altitude by a high-altitude balloon, and then performs a gliding descent while surveying the region of interest.",
isbn="978-3-031-37742-6"
}

